<?xml version="1.0" encoding="UTF-8"?><collection xmlns="http://www.loc.gov/MARC21/slim"><record><leader>00343nam--2200121-i-4500</leader><controlfield tag="001">000044579</controlfield><controlfield tag="002">20161230</controlfield><controlfield tag="005">20161230201044</controlfield><controlfield tag="008">060222s1000------------r-----000-0-eng-d</controlfield><datafield ind1=" " ind2=" " tag="080"><subfield code="a">378(489)(043)</subfield></datafield><datafield ind1=" " ind2=" " tag="245"><subfield code="a">Theses and other publ.of the univ.of copenhagen 1982</subfield></datafield><datafield ind1=" " ind2=" " tag="260"><subfield code="a">Kobenhavn, Inst.Danois Des Echanges (I.D.E.), 1983, 11p</subfield></datafield><datafield ind1=" " ind2=" " tag="852"><subfield code="a">D.1408</subfield></datafield></record></collection>